
@article{art,
	author	=	"A. Author and
B. Author and C. Author",
	title	=	"Article title",
	journal =   "Journal
{N}ame",
	volume  =	1,
	number	=	5,
	pages   =   "1--3",
	month   =
"May",
	year	=	1994}

@book{latex,
	author	  =	"L. Lamport",
	title
=	"\LaTeX: a Document Preparation System",
	publisher =
"Addison-Wesley",
	year	  =	1986,
	address   =	"Reading,
MA"}

@book{goosens,
	author	  =	"M. Goosens and F. Mittelbach and A.
Samarin",
	title	  =	"The \LaTeX\ Companion",
	publisher
=	"Addison-Wesley",
	address	  =	"Reading, MA",
	year
=	1994}

@booklet{blt,
	author	=	"A. Booklet",
	title	=	"Booklet
title",
	howpublished =   "On the WWW",
	address =	"at
\verb+http://www.abc.edu+",
	note	=	"PDF file",
	month   =
"May",
	year	=	1994}

@inbook{ibk,
	editor    =	"A. Inbook",
	title
=	"Book title",
	chapter   = 1,
	pages     = "1--3",
	volume
=	2,
	series	=	"{Series Title}",
	edition = "$1^{st}$",
	type    =
"{Chap.}",
	publisher =	"Publisher {N}ame",
	address   =	"Publisher
address",
	note      = "See also URL \verb+http://www.abc.edu+",
	year
=	1991}

@incollection{icn,
	author    =	"A. Incollection",
	title
=	"Article title",
	editor    =	"A. Editor",
	booktitle =	"Collection
{T}itle",
	chapter   = 1,
	pages     = "1--3",
	volume
=	2,
	series	=	"Series title",
	month   =   "May",
	edition =
"$3^{rd}$",
	type    = "{C}hapter",
	publisher =	"Publisher
{N}ame",
	address   =	"Publisher address",
	note      = "See also URL
\verb+http://www.abc.edu+",
	year	  =	1991}

@inproceedings{ips,
	author
=	"A. Inproceedings",
	title	  =	"Article title",
	editor    =	"A. Editor
and B. Editor",
	booktitle =	"Proceedings {T}itle",
	volume  =	"{\bf
1}",
	series	=	"Series name",
	pages     = "1--3",
	address   =	"Publisher
address",
	month   =   "May",
	organization =	"Organization
{N}ame",
	publisher =	"Publisher {N}ame",
	note      = "Paper number
1234",
	year	  =	1991}

@manual{asmemanual,
	author    =	"{ASME}",
	title
=	"{ASME} Manual {MS-4}, An {ASME} Paper",
	organization =	"The American
Society of Mechanical Engineers",
	edition  = "latest",
	address   =	"New
York",
	note      = "See also URL
\verb+http://www.asme.org/pubs/MS4.html+",
	year
=	2003}

@mastersthesis{mts,
     author = "A. Mastersthesis",
     title =
"{Thesis Title}",
     school = "University of Higher Education",
     year
= 2003,
     type = "{MS Thesis}",
     address = "Cambridge, {MA}",

month = "May",
     note = "See also URL
\verb+http://www.abc.edu+"}

@misc{mis,
     author = "A. Misc",
     title
= "Miscellaneous {T}itle",
     howpublished = "On the WWW",
     month =
"May",
     year = "2003",
     note = "URL
\verb+http://www.abc.edu+"}

@phdthesis{pts,
     author = "A. Phdthesis",

   title = "{Thesis Title}",
     school = "University of Higher
Education",
     year = 2003,
     type = "{PhD Thesis}",
     address =
"Cambridge, {MA}",
     month = "May",
     note = "See also URL
\verb+http://www.abc.edu+"}

@proceedings{pro,
	title	  =	"Volume
{T}itle",
	year	  =	1991,
	editor    =	"A. Proceedings",
	volume
=	1,
	series	  =	"Proceedings {S}eries",
	address   =	"Publisher
address",
	month   =   "May",
	organization =	"Organization
{N}ame",
	publisher =	"Publisher {N}ame",
	note      = "See also URL
\verb+http://www.abc.edu+"}

@techreport{trt,
     author = "A.
Techreport",
     title = "{Techreport title}",
     institution =
"University of Higher Education",
     year = "2003",
     type = "Progress
report",
     number = "1",
     address = "Cambridge, {MA}",
     month =
"May",
     note = "See also URL
\verb+http://www.abc.edu+"}

@unpublished{upd,
     author = "A.
Unpublished",
     title = "{Unpublished document title}",
     note = "See
also URL \verb+http://www.abc.edu+",
     month = "May",
     year = 2003}

%% Begin references not from the template

@article{wakayama1997magnetic,
  title={Magnetic buoyancy force acting on bubbles in nonconducting and diamagnetic fluids under microgravity},
  author={Wakayama, Nobuko I},
  journal={Journal of Applied Physics},
  volume={81},
  number={7},
  pages={2980--2984},
  year={1997},
  publisher={American Institute of Physics}
}

@article{cheng2014three,
  title={Three-dimensional and analytical modeling of microfluidic particle transport in magnetic fluids},
  author={Cheng, Rui and Zhu, Taotao and Mao, Leidong},
  journal={Microfluidics and nanofluidics},
  volume={16},
  pages={1143--1154},
  year={2014},
  publisher={Springer}
}


@article{paschalis2013novel,
  title={A novel implantable glaucoma valve using ferrofluid},
  author={Paschalis, Eleftherios I and Chodosh, James and Sperling, Ralph A and Salvador-Culla, Borja and Dohlman, Claes},
  journal={PloS one},
  volume={8},
  number={6},
  pages={e67404},
  year={2013},
  publisher={Public Library of Science San Francisco, USA}
}

@article{kole2021engineering,
  title={Engineering applications of ferrofluids: A review},
  author={Kole, Madhusree and Khandekar, Sameer},
  journal={Journal of Magnetism and Magnetic Materials},
  pages={168222},
  year={2021},
  publisher={Elsevier}
}

@article{torres2014recent,
  title={Recent progress in ferrofluids research: novel applications of magnetically controllable and tunable fluids},
  author={Torres-D{\'\i}az, I and Rinaldi, C},
  journal={Soft matter},
  volume={10},
  number={43},
  pages={8584--8602},
  year={2014},
  publisher={Royal Society of Chemistry}
}
@inproceedings{menz2000fluidic,
  title={Fluidic components based on ferrofluids},
  author={Menz, A and Benecke, W and Perez-Castillejos, R and Plasza, JA and Esteve, J and Garcia, N and Higuero, J and Diez-Caballero, T},
  booktitle={1st Annual International IEEE-EMBS Special Topic Conference on Microtechnologies in Medicine and Biology. Proceedings (Cat. No. 00EX451)},
  pages={302--306},
  year={2000},
  organization={IEEE}
}

@article{yamahata2005plastic,
  title={Plastic micropump with ferrofluidic actuation},
  author={Yamahata, Christophe and Chastellain, Mathieu and Parashar, Virendra K and Petri, Alke and Hofmann, Heinrich and Gijs, Martin AM},
  journal={Journal of microelectromechanical systems},
  volume={14},
  number={1},
  pages={96--102},
  year={2005},
  publisher={IEEE}
}

@article{hsu2018biocompatible,
  title={Biocompatible magnetic nanocomposite microcapsules as microfluidic one-way diffusion blocking valves with ultra-low opening pressure},
  author={Hsu, Meng-Chun and Alfadhel, Ahmed and Forouzandeh, Farzad and Borkholder, David A},
  journal={Materials \& design},
  volume={150},
  pages={86--93},
  year={2018},
  publisher={Elsevier}
}
@article{luo2019magnetically,
  title={Magnetically induced flow focusing of non-magnetic microparticles in ferrofluids under inclined magnetic fields},
  author={Luo, Laan and He, Yongqing},
  journal={Micromachines},
  volume={10},
  number={1},
  pages={56},
  year={2019},
  publisher={Multidisciplinary Digital Publishing Institute}
}

@article{ando2009ferrofluidic,
  title={Ferrofluidic pumps: a valuable implementation without moving parts},
  author={Ando, Bruno and Ascia, Alberto and Baglio, Salvatore and Pitrone, Nicola},
  journal={IEEE Transactions on Instrumentation and Measurement},
  volume={58},
  number={9},
  pages={3232--3237},
  year={2009},
  publisher={IEEE}
}

@article{ozbey2015modeling,
  title={Modeling of ferrofluid magnetic actuation with dynamic magnetic fields in small channels},
  author={{\"O}zbey, Arzu and Karimzadehkhouei, Mehrdad and Yal{\c{c}}{\i}n, Sinan Eren and Gozuacik, Devrim and Ko{\c{s}}ar, Ali},
  journal={Microfluidics and Nanofluidics},
  volume={18},
  number={3},
  pages={447--460},
  year={2015},
  publisher={Springer}
}

@article{al2010development,
  title={Development of a novel electromagnetic pump for biomedical applications},
  author={Al-Halhouli, AT and Kilani, MI and B{\"u}ttgenbach, Stephanus},
  journal={Sensors and Actuators A: Physical},
  volume={162},
  number={2},
  pages={172--176},
  year={2010},
  publisher={Elsevier}
}
@article{ray2017demand,
  title={On demand manipulation of ferrofluid droplets by magnetic fields},
  author={Ray, Ayan and Varma, Vijaykumar Babulalji and Jayaneel, PJ and Sudharsan, NM and Wang, ZP and Ramanujan, Raju V},
  journal={Sensors and Actuators B: Chemical},
  volume={242},
  pages={760--768},
  year={2017},
  publisher={Elsevier}
}

@inproceedings{michelson2019novel,
  title={A novel ferrofluid-based valve-less pump},
  author={Michelson, Trevor and Rudnick, Joshua and Baxter, Joshua and Rashidi, Reza},
  booktitle={ASME International Mechanical Engineering Congress and Exposition},
  volume={59445},
  pages={V007T08A009},
  year={2019},
  organization={American Society of Mechanical Engineers}
}

@article{hartshorne2004ferrofluid,
  title={Ferrofluid-based microchip pump and valve},
  author={Hartshorne, Herb and Backhouse, Christopher J and Lee, William E},
  journal={Sensors and Actuators B: Chemical},
  volume={99},
  number={2-3},
  pages={592--600},
  year={2004},
  publisher={Elsevier}
}

@inproceedings{yamahata2003ferrofluid,
  title={A Ferrofluid Micropump for Lab-on-a-chip Applications},
  author={Yamahata, Christophe and Chastellain, Mathieu and Hofmann, Heinrich and Gijs, Martin AM},
  booktitle={Techn. Digest Eurosensors XVII, The 17th Europ. Conf. On Solid State Transducers},
  number={CONF},
  year={2003}
}

@article{hatch2001ferrofluidic,
  title={A ferrofluidic magnetic micropump},
  author={Hatch, Anson and Kamholz, Andrew Evan and Holman, Gary and Yager, Paul and Bohringer, Karl F},
  journal={Journal of Microelectromechanical systems},
  volume={10},
  number={2},
  pages={215--221},
  year={2001},
  publisher={IEEE}
}

@misc{stuckey2021,
     author = "Stuckey, Veronica",
     title = "PFCV Solid Model (Solid Works)",
     month = "Nov.",
     year = "2021",
 howpublished = "\url{https://github.com/PubInv/ferrofluidcheckvalve/blob/master/model/FerrofluidModel.SLDPRT}",
 urldate = {22.11.2021}
  }

@misc{stuckey2021stl,
     author = "Stuckey, Veronica",
     title = "PFCV Solid Model (STL)",
     month = "Nov.",
     year = "2021",
 howpublished = "\url{https://github.com/PubInv/ferrofluidcheckvalve/blob/master/model/FerrofluidModel.STL}",
 urldate = {22.11.2021}
  }

@misc{stuckey2021video,
 author = {Stuckey, Veronica},
 year = {2021},
 title = {A Passive Ferrofluid Check Valve (video)},
  howpublished = "\url{https://youtu.be/IGzz6LX1n6A}",
 urldate = {24.11.2021}
}

@article{oehlsen2022approaches,
  title={Approaches on ferrofluid synthesis and applications: current status and future perspectives},
  author={Oehlsen, Oscar and Cervantes-Ram{\'\i}rez, Sussy I and Cervantes-Avil{\'e}s, Pabel and Medina-Velo, Illya A},
  journal={ACS omega},
  volume={7},
  number={4},
  pages={3134--3150},
  year={2022},
  publisher={ACS Publications}
}
